%%%%%%%%%%%%%%%%%%%%%%%%%%%%%%%%%%%%%%%%%%%%%%%%%%%%%%%%%%%%%%%%%%%%%%%%%%%%%%%%%%%%%%%%%%%%%%%%
%%%%%%%%%%%%%%%%%%%%%%%%%%%%	Docker		%%%%%%%%%%%%%%%%%%%%%%%%%%%%%%%%%%%%%%%%%%%%%%%%%%%%
%%%%%%%%%%%%%%%%%%%%%%%%%%%%%%%%%%%%%%%%%%%%%%%%%%%%%%%%%%%%%%%%%%%%%%%%%%%%%%%%%%%%%%%%%%%%%%%%

@online{MS-DockerInc..05.03.2019,
	author = {{Docker, Inc.}},
	editor = {{Docker, Inc.}},
	year = {2020},
	title = {What is a Container? | Docker},
	url = {https://www.docker.com/resources/what-container},
	urldate = {2020-06-01}
}

@online{MS-MicrosoftCorporation.31.08.2018,
	author = {{Microsoft Corporation}},
	editor = {{Microsoft Corporation}},
	year = {2018},
	title = {Was ist Docker?},
	url = {https://docs.microsoft.com/de-de/dotnet/standard/microservices-architecture/container-docker-introduction/docker-defined},
	address = {microsoft.com},
	urldate = {2020-06-01}
}

@online{MS-ChrissiKraus.27.07.2018,
	author = {Chrissi Kraus and Stephan Augsten},
	year = {2018},
	title = {Was ist Docker?},
	url = {https://www.dev-insider.de/was-ist-docker-a-733683/},
	urldate = {2020-06-01}
}

@online{MS-ReneBust.06.04.2010,
	author = {{Rene B{\"u}st}},
	year = {2010},
	title = {Was ist ein Hypervisor?},
	url = {https://www.crisp-research.com/was-ist-ein-hypervisor/},
	urldate = {2020-06-01}
}

@online{MS-Docker-Compose,
	author = {{Docker, Inc.}},
	editor = {{Docker, Inc.}},
	year = {2020},
	title = {Overview of Docker Compose},
	url = {https://docs.docker.com/compose/},
	urldate = {2020-06-01}
}


%%%%%%%%%%%%%%%%%%%%%%%%%%%%%%%%%%%%%%%%%%%%%%%%%%%%%%%%%%%%%%%%%%%%%%%%%%%%%%%%%%%%%%%%%%%%%%%%
%%%%%%%%%%%%%%%%%%%%%%%%%%%% 	Prototyping 	%%%%%%%%%%%%%%%%%%%%%%%%%%%%%%%%%%%%%%%%%%%%%%%%
%%%%%%%%%%%%%%%%%%%%%%%%%%%%%%%%%%%%%%%%%%%%%%%%%%%%%%%%%%%%%%%%%%%%%%%%%%%%%%%%%%%%%%%%%%%%%%%%

@inproceedings{MS-Floyd.1984,
	author = {Floyd, Christiane},
	title = {A Systematic Look at Prototyping},
	pages = {1--18},
	publisher = {{Springer Berlin Heidelberg}},
	isbn = {978-3-642-69796-8},
	editor = {Budde, Reinhard and Kuhlenkamp, Karin and Mathiassen, Lars and Z{\"u}llighoven, Heinz},
	booktitle = {Approaches to Prototyping},
	year = {1984},
	address = {Berlin, Heidelberg}
}

@book{MS-Alpar.2019,
	author = {Alpar, Paul and Alt, Rainer and Bensberg, Frank},
	year = {2019},
	title = {Anwendungsorientierte Wirtschaftsinformatik: Strategische Planung, Entwicklung und Nutzung von Informationssystemen},
	edition = {9},
	isbn = {978-3-6582-5581-7},
	doi = {10.1007/978-3-658-25581-7}
}

@misc{MS-Kuhrmann.26.09.2012,
	author = {Kuhrmann, Marco},
	editor = {{Universit{\"a}t Potsdam}},
	year = {2012},
	title = {Prototyping --- Enzyklopaedie der Wirtschaftsinformatik},
	url = {https://www.enzyklopaedie-der-wirtschaftsinformatik.de/lexikon/is-management/Systementwicklung/Vorgehensmodell/Prototyping},
	urldate = {2020-06-01}
}

%%%%%%%%%%%%%%%%%%%%%%%%%%%%%%%%%%%%%%%%%%%%%%%%%%%%%%%%%%%%%%%%%%%%%%%%%%%%%%%%%%%%%%%%%%%%%%%%
%%%%%%%%%%%%%%%%%%%%%%%%%%%% 	Microservices	%%%%%%%%%%%%%%%%%%%%%%%%%%%%%%%%%%%%%%%%%%%%%%%%
%%%%%%%%%%%%%%%%%%%%%%%%%%%%%%%%%%%%%%%%%%%%%%%%%%%%%%%%%%%%%%%%%%%%%%%%%%%%%%%%%%%%%%%%%%%%%%%%

@book{MS-Sharma.2016,
	author = {Sharma, Sourabh},
	year = {2016},
	title = {Mastering microservices with Java},
	address = {Birmingham},
	publisher = {{Packt Publishing}},
	isbn = {978-1-7852-8517-2},
}

@article{MS-Wolff.02.11.2015,
	author = {Wolff, Eberhard},
	year = {2015},
	title = {Neun Jahre Microservices},
	url = {https://www.heise.de/developer/artikel/Neun-Jahre-Microservices-2867634.html},
	urldate = {2020-06-01},
	journal = {heise online},
}

@misc{MS-Herrmann.10.02.2017,
	author = {Herrmann, Wolfgang},
	year = {2017},
	title = {Cloud-Infrastruktur-Markt w{\"a}chst 2017 um 46 Prozent - Konzentration im Public-Cloud-Markt - computerwoche.de},
	url = {https://www.computerwoche.de/a/microsoft-google-und-ibm-schnappen-sich-cloud-kunden,3329783,2},
	urldate = {2020-06-01}
}


@article{MS-Bucchiarone.2018,
	author = {Bucchiarone, Antonio and Dragoni, Nicola and Dustdar, Schahram and Larsen, Stephan T. and Mazzara, Manuel},
	year = {2018},
	title = {From Monolithic to Microservices: An Experience Report from the Banking Domain},
	pages = {50--55},
	volume = {35},
	number = {3},
	issn = {0740-7459},
	journal = {IEEE Software},
	doi = {10.1109/MS.2018.2141026},
}

@book{MS-Wolff.2018,
	author = {Wolff, Eberhard},
	year = {2018},
	title = {Das Microservices-Praxisbuch: Grundlagen, Konzepte und Rezepte},
	address = {Heidelberg},
	edition = {1},
	publisher = {dpunkt.verlag},
	isbn = {978-3-8649-0526-1},
}

@book{MS-Vogel.2009,
	author = {Vogel, Oliver and Arnold, Ingo and Chughtai, Arif},
	year = {2009},
	title = {Software-Architektur: Grundlagen --- Konzepte --- Praxis},
	url = {http://dx.doi.org/10.1007/978-3-8274-2267-5},
	edition = {2},
	isbn = {978-3-8274-2267-5},
}

@misc{MS-Fowler.25.03.2014,
	author = {Fowler, Martin and Lewis, James},
	year = {2014},
	title = {Microservices},
	url = {https://martinfowler.com/articles/microservices.html},
	urldate = {2020-06-01}
}

%%%%%%%%%%%%%%%%%%%%%%%%%%%%%%%%%%%%%%%%%%%%%%%%%%%%%%%%%%%%%%%%%%%%%%%%%%%%%%%%%%%%%%%%%%%%%%%%
%%%%%%%%%%%%%%%%%%%%%%%%%%%% 		REST		%%%%%%%%%%%%%%%%%%%%%%%%%%%%%%%%%%%%%%%%%%%%%%%%
%%%%%%%%%%%%%%%%%%%%%%%%%%%%%%%%%%%%%%%%%%%%%%%%%%%%%%%%%%%%%%%%%%%%%%%%%%%%%%%%%%%%%%%%%%%%%%%%

@misc{MS-GoogleLLC.2020,
	author = {{Google LLC}},
	editor = {{Google LLC}},
	year = {2020},
	title = {Google APIs Explorer | Google Developers},
	url = {https://developers.google.com/apis-explorer},
	urldate = {2020-06-01}
}

@misc{MS-TwitterInc..01.03.2020,
	author = {{Twitter, Inc.}},
	year = {2020},
	title = {API reference index --- Twitter Developers},
	url = {https://developer.twitter.com/en/docs/api-reference-index},
	urldate = {2020-06-01}
}

@misc{MS-MicrosoftCorporation.21.05.2018,
	author = {{Microsoft Corporation}},
	editor = {{Microsoft Corporation}},
	year = {2018},
	title = {APIs - Web at Microsoft},
	url = {https://developer.microsoft.com/en-us/web/apis/},
	urldate = {2020-06-01}
}

@phdthesis{MS-Fielding.,
	author = {Fielding, Roy Thomas},
	title = {Architectural Styles and the Design of Network-based Software Architectures.},
	url = {http://www.ics.uci.edu/~fielding/pubs/dissertation/fielding_dissertation_2up.pdf},
	address = {United States, North America},
	school = {{University of California, Irvine}},
	type = {Dissertation},
	year = {2000}
}

@book{MS-Wolff.2016,
	author = {Wolff, Eberhard},
	year = {2016},
	title = {Microservices: Grundlagen flexibler Softwarearchitekturen},
	price = {Gekl. : ca. EUR 32.90 (DE), ca. EUR 33.90 (AT), ca. sfr 44.90 (freier Pr.)},
	edition = {1},
	isbn = {978-3-8649-0313-7},
}

@misc{MS-Belshe.2015,
	author = {Belshe, M. and Peon, R. and Thomson, M.},
	year = {2015},
	title = {Hypertext Transfer Protocol Version 2 (HTTP/2): RFC 7540},
	publisher = {{RFC Editor}},
	doi = {10.17487/RFC7540},
}

@misc{MS-Fielding.1999,
	author = {Fielding, R. and Gettys, J. and Mogul, J. and Frystyk, H. and Masinter, L. and Leach, P. and Berners-Lee, T.},
	year = {1999},
	title = {Hypertext Transfer Protocol -- HTTP/1.1: RFC 2616},
	publisher = {{RFC Editor}},
	doi = {10.17487/RFC2616}
}

@book{MS-Tilkov.2015,
	author = {Tilkov, Stefan and Eigenbrodt, Martin and Schreier, Silvia and Wolf, Oliver},
	year = {2015},
	title = {REST und HTTP: Entwicklung und Integration nach dem Architekturstil des Web},
	url = {http://gbv.eblib.com/patron/FullRecord.aspx?p=2046366},
	edition = {3.},
	publisher = {dpunkt},
	isbn = {978-3-8649-0120-1},
}

@online{ms-moodle-features,
	author = {Moodle},
	year = {2020},
	title = {Features - MoodleDocs},
	url = {https://docs.moodle.org/38/en/Features},
	urldate = {2020-06-05},
}