%%%%%%%%%%%%%%%%%%%%%%%%%%%%%%%%%%%%%%%%%%%%%%%%%%%%%%%%%%%%%%%%%%%%%%%%%%%%%%%%%%%%%%%%%%%%%%%%
%%%%%%%%%%%%%%%%%%%%%%%%%%%%%%%%%%% 	JWT 	%%%%%%%%%%%%%%%%%%%%%%%%%%%%%%%%%%%%%%%%%%%%%%%%
%%%%%%%%%%%%%%%%%%%%%%%%%%%%%%%%%%%%%%%%%%%%%%%%%%%%%%%%%%%%%%%%%%%%%%%%%%%%%%%%%%%%%%%%%%%%%%%%

@techreport{rf-RFC7519,
  author = {M. Jones and J. Bradley and N. Sakimura},
  title = {JSON Web Token (JWT)},
  howpublished = {Internet Requests for Comments},
  type = {RFC},
  number = {7519},
  year = {2015},
  month = {5},
  issn = {2070-1721},
  publisher = {RFC Editor},
  institution = {RFC Editor}
}

@online{rf-JSONORG,
  title={Introducing JSON},
  url={https://www.json.org/json-en.html},
  author={Douglas Crockford},
  urldate={2020-04-11}
}

%%%%%%%%%%%%%%%%%%%%%%%%%%%%%%%%%%%%%%%%%%%%%%%%%%%%%%%%%%%%%%%%%%%%%%%%%%%%%%%%%%%%%%%%%%%%%%%%
%%%%%%%%%%%%%%%%%%%%%%%%%%%%%%%%%%% 	PSQL 	%%%%%%%%%%%%%%%%%%%%%%%%%%%%%%%%%%%%%%%%%%%%%%%%
%%%%%%%%%%%%%%%%%%%%%%%%%%%%%%%%%%%%%%%%%%%%%%%%%%%%%%%%%%%%%%%%%%%%%%%%%%%%%%%%%%%%%%%%%%%%%%%%

@online{rf-psqllicense,
  url={https://www.postgresql.org/about/licence/},
  title={PostgreSQL License},
  urldate = {2020-04-27},
  author = {{The PostgreSQL Global Development Group}}
}

@online{rf-psqlfeatures,
  url={https://www.postgresql.org/about/featurematrix/},
  title={PostgreSQL: Feature Matrix},
  urldate = {2020-06-07},
  author = {{The PostgreSQL Global Development Group}}
}

%%%%%%%%%%%%%%%%%%%%%%%%%%%%%%%%%%%%%%%%%%%%%%%%%%%%%%%%%%%%%%%%%%%%%%%%%%%%%%%%%%%%%%%%%%%%%%%%
%%%%%%%%%%%%%%%%%%%%%%%%%%%%%%% 	Architektur 	%%%%%%%%%%%%%%%%%%%%%%%%%%%%%%%%%%%%%%%%%%%%
%%%%%%%%%%%%%%%%%%%%%%%%%%%%%%%%%%%%%%%%%%%%%%%%%%%%%%%%%%%%%%%%%%%%%%%%%%%%%%%%%%%%%%%%%%%%%%%%

@inproceedings{rf-leff2001web,
  title={Web-application development using the Model/View/Controller design pattern},
  author={Leff, Avraham and Rayfield, James T.},
  booktitle={Proceedings Fifth IEEE International Enterprise Distributed Object Computing Conference},
  pages={118--127},
  year={2001},
  organization={IEEE},
  doi={10.1109/EDOC.2001.950428}
}

%%%%%%%%%%%%%%%%%%%%%%%%%%%%%%%%%%%%%%%%%%%%%%%%%%%%%%%%%%%%%%%%%%%%%%%%%%%%%%%%%%%%%%%%%%%%%%%%
%%%%%%%%%%%%%%%%%%%%%%%%%%%%%%% 	Verschl√ºsselung 	%%%%%%%%%%%%%%%%%%%%%%%%%%%%%%%%%%%%%%%%
%%%%%%%%%%%%%%%%%%%%%%%%%%%%%%%%%%%%%%%%%%%%%%%%%%%%%%%%%%%%%%%%%%%%%%%%%%%%%%%%%%%%%%%%%%%%%%%%

@book{rf-eckert2018sicherheit,
  title={IT-Sicherheit: Konzepte - Verfahren - Protokolle},
  author={Eckert, Claudia},
  year={2018},
  publisher = {De Gruyter Oldenbourg},
  pages={279--364},
  ISBN = {978-3-11-055158-7}
}

%%%%%%%%%%%%%%%%%%%%%%%%%%%%%%%%%%%%%%%%%%%%%%%%%%%%%%%%%%%%%%%%%%%%%%%%%%%%%%%%%%%%%%%%%%%%%%%%
%%%%%%%%%%%%%%%%%%%%%%%%%%%%%%% 	Transferprotokoll 	%%%%%%%%%%%%%%%%%%%%%%%%%%%%%%%%%%%%%%%%
%%%%%%%%%%%%%%%%%%%%%%%%%%%%%%%%%%%%%%%%%%%%%%%%%%%%%%%%%%%%%%%%%%%%%%%%%%%%%%%%%%%%%%%%%%%%%%%%

@techreport{rf-RFC8446,
  author = {E. Rescorla},
  title = {The Transport Layer Security (TLS) Protocol Version 1.3},
  howpublished = {Internet Requests for Comments},
  type = {RFC},
  number = {8446},
  year = {2018},
  month = {8},
  issn = {2070-1721},
  publisher = {RFC Editor},
  institution = {RFC Editor}
}

%%%%%%%%%%%%%%%%%%%%%%%%%%%%%%%%%%%%%%%%%%%%%%%%%%%%%%%%%%%%%%%%%%%%%%%%%%%%%%%%%%%%%%%%%%%%%%%%
%%%%%%%%%%%%%%%%%%%%%%%%%%%%%%%%%%%%%%% 	REST 	%%%%%%%%%%%%%%%%%%%%%%%%%%%%%%%%%%%%%%%%%%%%
%%%%%%%%%%%%%%%%%%%%%%%%%%%%%%%%%%%%%%%%%%%%%%%%%%%%%%%%%%%%%%%%%%%%%%%%%%%%%%%%%%%%%%%%%%%%%%%%

% HIER FEHLEN NOCH ISBN usw.

@book{rf-richardson2013restful,
  title={RESTful Web APIs: Services for a Changing World},
  author={Richardson, Leonard and Amundsen, Mike and Amundsen, Michael and Ruby, Sam},
  year={2013},
  publisher={O'Reilly Media, Inc.},
  isbn={978-1-449-35974-4},
}


@online{rf-google-api-alle,
  title={Google APIs Explorer},
  author={Google},
  url={https://developers.google.com/apis-explorer/#p/},
  urldate={2019-10-09}
}

@online{rf-db-api,
  title={API-Portal - Liste der APIs},
  author={{Deutsche Bahn AG}},
  url={https://developer.deutschebahn.com/store/},
  urldate={2019-10-09}
}

@online{rf-nyt-api,
  title={APIs | Dev Portal},
  author={{The New York Times}},
  url={https://developer.nytimes.com/apis},
  urldate={2019-10-09}
}

@online{rf-facebook-api,
  title={APIs und SDKs - App-Entwicklung},
  author={Facebook},
  url={https://developers.facebook.com/docs/apis-and-sdks},
  urldate={2019-10-09}
}

@online{rf-heise-google,
  url={https://www.heise.de/developer/meldung/Google-schickt-JSON-RPC-Zugriff-in-Rente-4487087.html},
  title={Google schickt JSON-RPC-Zugriff in Rente},
  date={2019-08-02},
  urldate={2019-10-09},
  author={Rainald Menge-Sonnentag}
}

@article{rf-fowler2015microservices,
  title={Microservices: Nur ein weiteres Konzept in der Softwarearchitektur oder mehr},
  author={Fowler, Martin and Lewis, James},
  journal={Objektspektrum},
  volume={1},
  number={2015},
  pages={14--20},
  year={2015}
}

@book{rf-fielding2000architectural,
  title={Architectural styles and the design of network-based software architectures},
  author={Fielding, Roy T and Taylor, Richard N},
  volume={7},
  year={2000},
  publisher={University of California, Irvine Doctoral dissertation}
}

@article{rf-rodriguez2008restful,
  title={Restful web services: The basics},
  author={Rodriguez, Alex},
  journal={IBM developerWorks},
  volume={33},
  pages={18},
  year={2008}
}

@online{rf-graphql-heise,
  title={Echtzeit-Kommunikation mit GraphQL I/O},
  author={Mark Lubkowitz},
  date={2018-07-20},
  urldate={2019-10-09},
  url={https://www.heise.de/developer/artikel/Echtzeit-Kommunikation-mit-GraphQL-I-O-4111804.html?seite=all}
}

%%%%%%%%%%%%%%%%%%%%%%%%%%%%%%%%%%%%%%%%%%%%%%%%%%%%%%%%%%%%%%%%%%%%%%%%%%%%%%%%%%%%%%%%%%%%%%%%
%%%%%%%%%%%%%%%%%%%%%%%%%%%%%%%%%%%%%%% 	Unsplash  %%%%%%%%%%%%%%%%%%%%%%%%%%%%%%%%%%%%%%%%%%%%
%%%%%%%%%%%%%%%%%%%%%%%%%%%%%%%%%%%%%%%%%%%%%%%%%%%%%%%%%%%%%%%%%%%%%%%%%%%%%%%%%%%%%%%%%%%%%%%%

@online{rf-unsplash-dozent,
  title={Photo by Etty Fidele on Unsplash},
  url={https://unsplash.com/photos/VNYCIbZju0o},
  author={Etty Fidele},
  date={2019},
  urldate={2020-06-04}
}

@online{rf-unsplash-studentin,
  title={Photo by Windows on Unsplash},
  url={https://unsplash.com/photos/c-lUYtNjqxw},
  author={Windows},
  date={2020},
  urldate={2020-06-04}
}

@online{rf-unsplash-student,
  title={Photo by John Fornander on Unsplash},
  url={https://unsplash.com/photos/oJBZbXGIkFc},
  author={John Fornander},
  date={2018},
  urldate={2020-06-04}
}
https://eric.ed.gov/?id=ED532397
https://library.educause.edu/resources/2012/2/2012-horizon-report
@report{rf-Johnson2012TheNH,
  title={The NMC Horizon Report: 2012 Higher Education Edition.},
  author={Larry Johnson and Sean A. Adams and Margaret Cummins},
  year={2012},
  isbn={978-0-9846-6013-1},
}


%%%%%%%%%%%%%%%%%%%%%%%%%%%%%%%%%%%%%%%%%%%%%%%%%%%%%%%%%%%%%%%%%%%%%%%%%%%%%%%%%%%%%%%%%%%%%%%%
%%%%%%%%%%%%%%%%%%%%%%%%%%%%%%%%%%%%%%% 	DSGVO 	%%%%%%%%%%%%%%%%%%%%%%%%%%%%%%%%%%%%%%%%%%%%%%
%%%%%%%%%%%%%%%%%%%%%%%%%%%%%%%%%%%%%%%%%%%%%%%%%%%%%%%%%%%%%%%%%%%%%%%%%%%%%%%%%%%%%%%%%%%%%%%%


@misc{rf-dsgvo,
  author = {{Europ{\"a}ische Union}},
  title = {{Verordnung (EU) 2016/679 des Europ{\"a}ischen Parlaments und des Rates vom 27. April 2016 zum Schutz nat{\"u}rlicher Personen bei der Verarbeitung personenbezogener Daten, zum freien Datenverkehr und zur Aufhebung der Richtlinie 95/46/EG (Datenschutz-Grundverordnung): DSGVO}},
  url = {https://eur-lex.europa.eu/eli/reg/2016/679/oj},
  pages = {1--88},
  pagination = {page},
  journaltitle = {Abl. (Amtsblatt der Europ{\"a}ischen Union)},
  version = {OJ L 119 vom 4.5.2016, S. 1--88},
  year = {2016},
  shorttitle = {DSGVO}
}
