@Inbook{Pioch2019,
author="Sebastian Pioch",
title="Marktrecherche",
bookTitle="Digital Entrepreneurship: Ein Praxisleitfaden f{\"u}r die Entwicklung eines digitalen Produkts von der Idee bis zur Markteinf{\"u}hrung",
year="2019",
publisher="Springer Fachmedien Wiesbaden",
address="Wiesbaden",
pages="13--27",
abstract="Nachdem nun initial entsprechende Thesen formuliert wurden, wie ein Gesch{\"a}ftsmodell funktionieren kann, sollte eine umfassende Marktrecherche erfolgen. Hintergrund ist, dass im Zuge der Produktentwicklung und im Weiteren im Rahmen der Produktvermarktung diverse Entscheidungen getroffen wurden m{\"u}ssen, die entsprechend mit relevanten Informationen belegt werden sollten.",
isbn="978-3-658-24068-4",
doi="10.1007/978-3-658-24068-4_3",
}

@misc{SapReporting,
	title = {SAP IT Showroom Dashboard - interne Quelle},
	date = {2020-03-11},
}

@online{Nietzsche,
	author = {Friedrich Nietzsche},
	title = {Nachgelassene Fragmente},
	date = {1974},
	url = {http://zitate.net/zitat?id=5029},
	organization = { Verlag Walter de Gruyter},
	urldate = {2020-03-11},
}

@book{Perfect,
	author = {John Kador, Katherine Armstrong},
	title = {Perfect Phrases for Writing Employee Surveys},
	date = {2010-03-12},
	language = {Englisch},
	publisher = {McGraw-Hill},
	isbn = {978-0-07-166401-1},
	pagetotal = {240},
}

@book{MwdeF,
	author = {Sabine Kirchhoff, Sonja Kuhntl Peter Lipp, Siegfried Schlawin},
	title = {"Machen wir doch einen
	Fragebogen"},
	date = {2000},
	language = {Deutsch},
	publisher = {Springer Fachmedien Wiesbaden},
	isbn = {978-3-663-09178-3},
	pages = {29}
}

@book{Interview,
	author = {Horst O. Mayer},
	title = {Interview und schriftliche Befragung: Grundlagen und Methoden empirischer Sozialforschung: Grundlagen und Methoden empirischer Sozialforschung },
	date = {2012},
	language = {Deutsch},
	edition = {6},
	publisher = {Oldenbourg Wissenschaftsverlag},
	isbn = {978-3486706918},
	pages = {60},
	pagetotal = {232},
}

@book{Multi,
	author = {Klaus Backhaus, Bernd Erichson, Wulff Plinke, Rolf Weiber},
	title = {Multivariate Analysemethoden},
	date = {2018},
	edition = {15},
	subtitle = {Eine anwendungsorientierte Einführung},
	language = {Deutsch},
	publisher = {Gabler Verlag},
	isbn = {978-3-662-56655-8},
	pagetotal = {625},
	doi = {10.1007/978-3-662-56655-8},
}

@thesis{Stichprobe,
	author = {Karl-August Schäffer},
	title = {Planung von Stichprobenerhebungen},
	type = {Buchkaptiel},
	institution = {Universität Mannheim},
	date = {1996},
	language = {Deutsch},
	isbn = {3-621-27280-1},
	pages = {25},
	url = {https://madoc.bib.uni-mannheim.de/50935/1/HQM02-Planung-von-Stichprobenerhebungen.pdf},
	urldate = {2020-03-24},
}

@book{2014Fragebogen,
	author = {Rolf Porst},
	title = {Fragebogen},
	date = {2014},
	subtitle = {Ein Arbeitsbuch},
	edition = {4},
	publisher = {SpringerVS},
	isbn = {978-3-658-02118-4},
	pagetotal = {203},
	doi = {10.1007/978-3-658-02118-4},
}

@inbook{Grice,
	author = {H. P. Grice},
	title = {Logic and Conversation},
	booktitle = {Syntax and semantics 3 : Speech arts},
	date = {1975},
	editora = {Peter Cole},
	editorb = {Jerry L. Morgan},
	language = {Englisch},
	publisher = {Academic PR},
	isbn = {978-0127854236},
}

@online{DSGVO,
	author = {{intersoft consulting}},
	title = {Grundsätze für die Verarbeitung personenbezogener Daten},
	date = {2020},
	url = {https://dsgvo-gesetz.de/art-5-dsgvo/},
	subtitle = {Art. 5 DSGVO},
	language = {Deutsch},
	urldate = {2020-03-24},
}

@online{DegEval,
	author = {{DeGEval Gesellschaft für Evaluation e.V.}},
	title = {DeGEval-Standards},
	date = {2020-07-10},
	url = {https://www.degeval.org/degeval-standards/kurzfassung/},
	language = {Deutsch},
	organization = {DeGEval Gesellschaft für Evaluation e.V.},
	urldate = {2020-03-24},
}

@book{2009Fragebogen,
	author = {Udo Kuckartz, Thomas Ebert, Stefan Rädiker, Claus Stefer},
	title = {Evaluation online},
	date = {2009},
	subtitle = {Internetgestützte Befragung in der Praxis},
	language = {Deutsch},
	edition = {1},
	publisher = {VS Verlag für Sozialwissenschaften},
	isbn = {978-3-531-16249-2},
	pagetotal = {128},
}

@book{2003Fragebogen,
	author = {Sabina Kirchhoffe, Sonja Kuhnt, Peter Lipp, Siegfried Schlawin},
	title = {Der Fragebogen},
	date = {2003},
	subtitle = {Datenbasis, Konstruktion
	und Auswertung},
	language = {Deutsch},
	edition = {3},
	publisher = {VS Verlag für Sozialwissenschaften},
	isbn = {978-3-531-90231-9},
	doi = {10.1007/978-3-531-90231-9},
}

@report{NFP,
	author = {Mirta Galesic, Micheal Bosnjak},
	title = {Effects of Questionnaire Length on Participation and Indicators of Response Quality in a Web Survey},
	institution = {Oxford University},
	date = {2009},
	language = {Englisch},
	pagetotal = {12},
}

@book{Umfragenforschung,
	author = {Martin Weichbold, Johann Bacher, Christof Wolf},
	title = {Umfragenforschung},
	date = {2009},
	subtitle = {Herausforderungen und Grenzen},
	language = {Deutsch},
	publisher = {Vorstand der Österreichischen Gesellschaft für Soziologie},
}

@bookinbook{RolfPorst,
	author = {Rolf Porst},
	title = {Frageformulierung},
	booktitle = {Handbuch Methoden der empirischen Sozialforschung},
	date = {2014},
	bookauthor = {Nina Baur; Jörg Blasius},
	language = {Deutsch},
	publisher = {SpringerVS},
	isbn = {978-3-531-18939-0},
	doi = {10.1007/978-3-531-18939-0},
	pages = {689}
}

@online{Likert,
	author = {statista},
	title = {Definition Likert-Skala},
	date = {2020},
	url = {https://de.statista.com/statistik/lexikon/definition/82/likert_skala/},
	language = {Deutsch},
	urldate = {2020-03-24},
}

@online{ISO,
	author = {Thomas Geis},
	title = {Neue ISO 9241-210 „Prozess zur Gestaltung gebrauchstauglicher Systeme“ ersetzt die ISO 13407},
	date = {2010-03-03},
	url = {https://www.procontext.de/aktuelles/2010/03/iso-9241210-prozess-zur-entwicklung-gebrauchstauglicher-interaktiver-systeme-veroeffentlicht.html},
	subtitle = {User Experience als Konzept mit aufgenommen},
	language = {Deutsch},
	urldate = {2020-03-24},
}

@misc{User,
	author = {Martin Schrepp, Maria Rauschenberger, Jörg Thomaschewski},
	title = {User Experience mit Fragebögen messen},
	date = {2013},
	subtitle = {Durchführung und Auswertung am Beispiel des UEQ},
	url = {https://www.researchgate.net/publication/256495056_User_Experience_mit_Fragebogen_messen_-_Durchfuhrung_und_Auswertung_am_Beispiel_des_UEQ},
	urldate = {2020-03-24},
}