@online{jr-moodle-features,
 author = {Moodle},
 year = {2020},
 title = {Features - MoodleDocs},
 url = {https://docs.moodle.org/38/en/Features},
 urldate = {05.06.2020}
}




