@book{Book_DB_1,
	Author = {Kemper, Alfons and Eickler, André},
	ISBN = {9783110443752},
	Publisher = {10., aktualisierte und erweiterte Auflage},
	Series = {De Gruyter Oldenbourg Studium},
	Title = {Datenbanksysteme : eine Einführung},
	Year = {2015},
}

@book{Book_DB_2,
	Author = {Steiner, René},
	ISBN = {9783658179793},
	Publisher = {Wiesbaden Springer-Verlag GmbH Berlin Heidelberg 2017},
	Series = {SpringerLink : Bücher},
	location = {location},
	Title = {Grundkurs Relationale Datenbanken: Einführung in die Praxis der Datenbankentwicklung für Ausbildung, Studium und IT-Beruf},
	Year = {2017},
}

@book {Schicker2017DatenbankenSQL,
	author = {Schicker, Edwin},
	title = {Datenbanken und SQL: Eine praxisorientierte Einführung mit Anwendungen in Oracle, SQL Server und MySQL},
	series = {Informatik & Praxis},
	series = {SpringerLink : Bücher},
	address = {Wiesbaden},
	publisher = {Springer Vieweg},
	year = {2017},
	pages = {Online-Ressource (XIII, 355  Seiten  70 Abb, online resource)},
	edition = {5. Aufl. 2017},
	ISBN = {978-3-658-16129-3},
	language = {Deutsch},
	keywords = {Computer science. Programming languages (Electronic computers). Data structures (Computer science). Database management. Computer Science},
	type = {Text (nur für elektronische Ressourcen)},
	URL = {http://dx.doi.org/10.1007/978-3-658-16129-3},
	URL = {http://dx.doi.org/10.1007/978-3-658-16129-3},
}

@online{Libary_vs_Framework,
	author = {{Andreas Domin}},
	title = {Library vs. Framework: Das sind die Unterschiede},
	date = {2018-04-21},
	url = {https://t3n.de/news/library-vs-framework-unterschiede-1022753/},
	urldate = {2020-05-17},
}

@online{WasIstJSX,
	author = {{Janna Tillmann}},
	title = {Was ist eigentlich JSX und wofür braucht man das?},
	date = {2017-10-26},
	url = {https://t3n.de/news/eigentlich-jsx-wofuer-das-867296/},
	urldate = {2020-06-01},
}

@book{hartmann2019react,
  title={React: Grundlagen, fortgeschrittene Techniken und Praxistipps -- mit TypeScript und Redux},
  author={Hartmann, N. and Zeigermann, O.},
  isbn={9783960884200},
  url={https://books.google.de/books?id=2zrCDwAAQBAJ},
  year={2019},
  publisher={dpunkt.verlag}
}

@online{online_Datenbank,
	author = {{Markus Begerow}},
	title = {Datenbankmodell},
	year = {o.\,J},
	url = {http://www.datenbanken-verstehen.de/datenbank-grundlagen/datenbankmodell/},
	urldate = {2020-06-01},
}