@online{nl-openjsfoundation2020nodejs,
	title = {Node.js},
	year = {2020},
	url = {https://nodejs.org/},
	urldate = {2020-06-03},
	author = {{OpenJS Foundation}},
}

@online{nl-strongloop2017express,
	title = {Express - Node.js web application framework},
	year = {2017},
	url = {https://expressjs.com},
	urldate = {2020-06-03},
	author = {{StrongLoop, IBM et al.}},
}

@online{nl-carlson2020nodepostgres,
	title = {node-postgres},
	year = {2020},
	url = {https://node-postgres.com/},
	urldate = {2020-06-04},
	author = {Brian Carlson},
}

@techreport{nl-rfc7231,
	author = {Roy Fielding and Julian Reschke},
	title = {Hypertext Transfer Protocol (HTTP/1.1): Semantics and Content},
	howpublished = {Internet Request for Comments},
	type = {RFC},
	number = 7231,
	year = {2014},
	doi = {10.17487/RFC7231},
	url = {https://tools.ietf.org/html/rfc7231},
	urldate = {2020-06-05},
}

@report{nl-braun2016nicht,
	title = {Nicht-funktionale Anforderungen},
	author = {Michael Braun},
	year={2016},
	institution = {Ludwig-Maximilians-Uni\-ver\-si\-tät München},
	url = {https://www.pst.ifi.lmu.de/Lehre/wise-15-16/jur-pm/braun-ausarbeitung.pdf},
	urldate = {2020-02-25},
}

@book{nl-robertson2012mastering,
	title = {Mastering the Requirements Process: Getting Requirements Right},
	author = {Suzanne Robertson and James Robertson},
	year = {2012},
	publisher = {Addison-Wesley},
	edition = {3},
	isbn = {978-0-321-81574-3},
}
